<record><leader>00000cas a2200000 a 4500</leader><controlfield tag="001">11580812</controlfield><controlfield tag="008">850115d18671876caudn ne      0    0eng c</controlfield><datafield ind1=" " ind2=" " tag="010"><subfield code="a">sn 85025110 </subfield></datafield><datafield ind1=" " ind2=" " tag="040"><subfield code="a">NPX</subfield><subfield code="b">eng</subfield><subfield code="c">NPX</subfield><subfield code="d">DLC</subfield><subfield code="d">MGN</subfield><subfield code="d">CNK</subfield><subfield code="d">OCLCQ</subfield><subfield code="d">CNK</subfield><subfield code="d">OCLCQ</subfield><subfield code="d">OCLCF</subfield><subfield code="d">OCLCO</subfield></datafield><datafield ind1="1" ind2=" " tag="029"><subfield code="a">AU@</subfield><subfield code="b">000020479210</subfield></datafield><datafield ind1=" " ind2=" " tag="042"><subfield code="a">pcc</subfield></datafield><datafield ind1=" " ind2=" " tag="043"><subfield code="a">n-us-ca</subfield></datafield><datafield ind1="0" ind2="0" tag="050"><subfield code="a">Newspaper 7202</subfield></datafield><datafield ind1="0" ind2="0" tag="245"><subfield code="a">San Jose daily patriot.</subfield></datafield><datafield ind1="1" ind2="3" tag="246"><subfield code="a">Daily patriot</subfield></datafield><datafield ind1=" " ind2=" " tag="260"><subfield code="a">San Jose, Calif. :</subfield><subfield code="b">F.B. Murdoch</subfield></datafield><datafield ind1=" " ind2=" " tag="300"><subfield code="a">v. :</subfield><subfield code="b">ill. (chiefly advertisements) ;</subfield><subfield code="c">57 cm.</subfield></datafield><datafield ind1=" " ind2=" " tag="310"><subfield code="a">Daily (except Sun.)</subfield></datafield><datafield ind1="0" ind2=" " tag="362"><subfield code="a">Vol. 4, no. 127 (Nov. 26, 1867)-v. 21, no. 56 (Sept. 2, 1876).</subfield></datafield><datafield ind1=" " ind2=" " tag="500"><subfield code="a">Republican.</subfield></datafield><datafield ind1=" " ind2=" " tag="530"><subfield code="a">Also issued on microfilm from the University of California, Berkeley.</subfield></datafield><datafield ind1=" " ind2=" " tag="530"><subfield code="a">Master negatives are available for duplication from:</subfield><subfield code="b">California Newspaper Microfilm Archive;</subfield><subfield code="c">positive copies may be purchased by the reel; for further information consult the CNMA at:</subfield><subfield code="u">http://cbsr.ucr.edu</subfield></datafield><datafield ind1=" " ind2="0" tag="651"><subfield code="a">San Jose (Calif.)</subfield><subfield code="v">Newspapers.</subfield></datafield><datafield ind1=" " ind2="7" tag="655"><subfield code="a">Newspapers.</subfield><subfield code="2">fast</subfield><subfield code="0">(OCoLC)fst01423814</subfield></datafield><datafield ind1=" " ind2="7" tag="651"><subfield code="a">California</subfield><subfield code="z">San Jose.</subfield><subfield code="2">fast</subfield><subfield code="0">(OCoLC)fst01206320</subfield></datafield><datafield ind1=" " ind2=" " tag="752"><subfield code="a">United States</subfield><subfield code="b">California</subfield><subfield code="c">Santa Clara</subfield><subfield code="d">San Jose.</subfield></datafield><datafield ind1="0" ind2=" " tag="775"><subfield code="t">San Jose patriot</subfield><subfield code="w">(DLC)sn 93053252</subfield></datafield><datafield ind1="0" ind2="0" tag="780"><subfield code="t">Daily evening patriot (San Jose, Calif.)</subfield><subfield code="w">(DLC)sn 93053253</subfield></datafield><datafield ind1="0" ind2="0" tag="785"><subfield code="t">San Jose daily herald</subfield><subfield code="w">(DLC)sn 85025108</subfield></datafield></record>